<record><leader>00000cas a2200000 a 4500</leader><controlfield tag="001">13047923</controlfield><controlfield tag="008">860122d18611915ohuwr ne      0    0eng d</controlfield><datafield ind1=" " ind2=" " tag="010"><subfield code="a">sn 86079031 </subfield></datafield><datafield ind1=" " ind2=" " tag="040"><subfield code="a">NPU</subfield><subfield code="b">eng</subfield><subfield code="c">NPU</subfield><subfield code="d">ONP</subfield><subfield code="d">KNP</subfield><subfield code="d">OCL</subfield><subfield code="d">OCLCQ</subfield><subfield code="d">OCLCF</subfield><subfield code="d">OCLCO</subfield></datafield><datafield ind1=" " ind2=" " tag="042"><subfield code="a">msc</subfield></datafield><datafield ind1=" " ind2=" " tag="043"><subfield code="a">n-us-oh</subfield></datafield><datafield ind1="0" ind2=" " tag="130"><subfield code="a">Portsmouth times (Portsmouth, Ohio : 1861)</subfield></datafield><datafield ind1="1" ind2="4" tag="245"><subfield code="a">The Portsmouth times.</subfield></datafield><datafield ind1=" " ind2=" " tag="260"><subfield code="a">Portsmouth, Ohio :</subfield><subfield code="b">Newman &amp; Bro.,</subfield><subfield code="c">1861-1915.</subfield></datafield><datafield ind1=" " ind2=" " tag="300"><subfield code="a">v. :</subfield><subfield code="b">ill. (chiefly advertisements) ;</subfield><subfield code="c">72 cm.</subfield></datafield><datafield ind1=" " ind2=" " tag="321"><subfield code="a">Weekly</subfield></datafield><datafield ind1="0" ind2=" " tag="362"><subfield code="a">Vol. 1, no. 1 (Nov. 23, 1861)-v. 53, no. 26 (Jan. 2, 1915).</subfield></datafield><datafield ind1=" " ind2=" " tag="500"><subfield code="a">Editor: Jas. W. Newman, 1863-1891.</subfield></datafield><datafield ind1=" " ind2=" " tag="500"><subfield code="a">Democratic.</subfield></datafield><datafield ind1=" " ind2=" " tag="500"><subfield code="a">"Published every Saturday morning."</subfield></datafield><datafield ind1=" " ind2=" " tag="500"><subfield code="a">"Choose ever that which has the fewest faults, and those the least dangerous."</subfield></datafield><datafield ind1=" " ind2=" " tag="580"><subfield code="a">Appears concurrently with: Valley sentinel (Portsmouth, Ohio), 1896-1915.</subfield></datafield><datafield ind1=" " ind2=" " tag="580"><subfield code="a">Daily eds.: Daily times (Portsmouth, Ohio : 1894), 1894-1903; Portsmouth times (Portsmouth, Ohio : 1903), 1903-1905; Portsmouth daily times (Portsmouth, Ohio : 1905), 1905-1915.</subfield></datafield><datafield ind1=" " ind2="0" tag="651"><subfield code="a">Portsmouth (Ohio)</subfield><subfield code="v">Newspapers.</subfield></datafield><datafield ind1=" " ind2="7" tag="655"><subfield code="a">Newspapers.</subfield><subfield code="2">fast</subfield><subfield code="0">(OCoLC)fst01423814</subfield></datafield><datafield ind1=" " ind2="7" tag="651"><subfield code="a">Ohio</subfield><subfield code="z">Portsmouth.</subfield><subfield code="2">fast</subfield><subfield code="0">(OCoLC)fst01213326</subfield></datafield><datafield ind1=" " ind2=" " tag="752"><subfield code="a">United States</subfield><subfield code="b">Ohio</subfield><subfield code="c">Scioto</subfield><subfield code="d">Portsmouth.</subfield></datafield><datafield ind1="1" ind2=" " tag="775"><subfield code="t">Daily times (Portsmouth, Ohio : 1894)</subfield><subfield code="w">(DLC)sn 89076263</subfield></datafield><datafield ind1="1" ind2=" " tag="775"><subfield code="t">Portsmouth times (Portsmouth, Ohio : 1903)</subfield><subfield code="w">(DLC)sn 89076264</subfield></datafield><datafield ind1="1" ind2=" " tag="775"><subfield code="t">Portsmouth daily times (Portsmouth, Ohio : 1905)</subfield><subfield code="w">(DLC)sn 85038053</subfield></datafield><datafield ind1="0" ind2="0" tag="785"><subfield code="t">Portsmouth weekly times</subfield><subfield code="w">(DLC)sn 87075096</subfield></datafield><datafield ind1="1" ind2=" " tag="787"><subfield code="t">Valley sentinel (Portsmouth, Ohio)</subfield><subfield code="w">(DLC)sn 87075098</subfield></datafield></record>